<?xml version="1.0" encoding="UTF-8"?><collection xmlns="http://www.loc.gov/MARC21/slim"><record><leader>00575nam--2200205-u-4500</leader><controlfield tag="001">000052493</controlfield><controlfield tag="002">20161230</controlfield><controlfield tag="005">20161230201050</controlfield><controlfield tag="008">100826s1000------------r-----000-0-rus-d</controlfield><datafield ind1=" " ind2=" " tag="040"><subfield code="a">IFIN-HH</subfield></datafield><datafield ind1=" " ind2=" " tag="041"><subfield code="a">rus</subfield></datafield><datafield ind1=" " ind2=" " tag="080"><subfield code="a">532.526.4</subfield></datafield><datafield ind1="1" ind2=" " tag="100"><subfield code="a">Fernholz, H.H</subfield></datafield><datafield ind1="1" ind2="0" tag="245"><subfield code="a">Trekhmernie turbulentnie pogramnicinie sloi</subfield><subfield code="c">H.H. Fernholz, E. Krause (Eds.)</subfield></datafield><datafield ind1=" " ind2=" " tag="260"><subfield code="a">Moskva</subfield><subfield code="b">Mir</subfield><subfield code="c">1985</subfield></datafield><datafield ind1=" " ind2=" " tag="300"><subfield code="a">383 p</subfield></datafield><datafield ind1=" " ind2=" " tag="500"><subfield code="a">Tit. orig. in lb engleza: Three-Dimensional Turbulent Boundary Layers</subfield></datafield><datafield ind1="1" ind2=" " tag="700"><subfield code="a">Krause, E</subfield></datafield><datafield ind1=" " ind2=" " tag="852"><subfield code="a">73233</subfield><subfield code="c">532</subfield></datafield><datafield ind1=" " ind2=" " tag="CAT"><subfield code="a">Sys</subfield><subfield code="c">20100826</subfield><subfield code="h">105744</subfield></datafield></record></collection>